@article{ref:implicit-interaction,
  title={Implicit human computer interaction through context},
  author={Schmidt, Albrecht},
  journal={Personal technologies},
  volume={4},
  pages={191--199},
  year={2000},
  publisher={Springer}
}

@techreport{ref:RFC3339,
    author = {G. Klyne, C. Newman},
    title = {Date and Time on the Internet: Timestamps},
    institution = {Clearswift Corporation, Sun Microsystems},
    year = {2002},
    note = {\\ \url{https://www.rfc-editor.org/rfc/rfc3339}}
}

@misc{ref:car-bluetooth,
    title = {All about Bluetooth in Cars},
    howpublished  = {\\ \url{https://www.dubizzle.com/blog/cars/car-bluetooth/}}
}

@misc{ref:bluetooth-doc,
    title = {Android bluetooth connectivity documentation},
    howpublished  = {\\ \url{https://developer.android.com/develop/connectivity/bluetooth}}
}
